% Encoding: UTF-8
% Encoding: UTF-8
@article{Adnan2023,
  title  = {Bitcoin and Cryptocurrency Exchange Market Prediction and Analysis Using Big Data and Machine Learning Algorithms},
  author = {Adnan Branković},
  year   = 2023,
  url    = {https://doi.org/10.54060/jieee.2023.64}
}
@article{akyildirim2021prediction,
  title     = {Prediction of cryptocurrency returns using machine learning},
  author    = {Akyildirim, Erdinc and Goncu, Ahmet and Sensoy, Ahmet},
  year      = 2021,
  journal   = {Annals of Operations Research},
  publisher = {Springer},
  volume    = 297,
  pages     = {3--36}
}
@article{alessandretti2018anticipating,
  title     = {Anticipating cryptocurrency prices using machine learning},
  author    = {Alessandretti, Laura and ElBahrawy, Abeer and Aiello, Luca Maria and Baronchelli, Andrea},
  year      = 2018,
  journal   = {Complexity},
  publisher = {Wiley Online Library},
  volume    = 2018,
  number    = 1,
  pages     = 8983590
}
@article{athanasia2023predicting,
  title  = {Predicting Bitcoin Prices Using Machine Learning},
  author = {Athanasia Dimitriadou, Andros Gregoriou},
  year   = 2023,
  url    = {https://www.mdpi.com/1099-4300/25/5/777}
}
@article{Binance©2024,
  title  = {Binance API},
  author = {Binance©},
  year   = 2024,
  url    = {https://www.binance.com/en/binance-api}
}
@article{bitcoinwhitepaper2008,
  author = {Satoshi Nakamoto},
  year   = 2008,
  title  = {Bitcoin: A Peer-to-Peer Electronic Cash System},
  url    = {https://bitcoin.org/bitcoin.pdf}
}
@online{CoinGeckoRollendXavier,
  author = {Rollend Xavier},
  date   = {2024-07-03},
  editor = {Julia Ng},
  title  = {How Top Blockchain Oracles Enhance Data with CoinGecko API},
  url    = {https://www.coingecko.com/learn/top-blockchain-oracles-case-study},
  year   = {2024}
}
@misc{coinmarketcap,
  author = {CoinMarketCap},
  title  = {CoinMarketCap Cryptocurrency Prices},
  year   = {2025},
  url    = {https://coinmarketcap.com},
  note   = {Accessed: 2025-04-02}
}
@article{dennys2019predicting,
  author = {Dennys C. A. Mallqui and R. Fernandes},
  year   = 2019,
  title  = {Predicting the direction, maximum, minimum and closing prices of daily Bitcoin exchange rate using machine learning techniques},
  url    = {https://doi.org/10.1016/j.asoc.2018.11.038}
}
@misc{digiconomist,
  author = {Digiconomist.net},
  year   = {2025},
  title  = {Bitcoin Energy Consumption Index},
  url    = {https://digiconomist.net/bitcoin-energy-consumption}
}
@article{goutteDeepLearning2023,
  author = {Stéphane Goutte and Hans-J org von Mettenheim and Fei Liu and Viet Phuong Le-Hoang},
  year   = 2023,
  title  = {Deep Learning and Technical Analysis in Cryptocurrency Market},
  url    = {https://doi.org/10.2139/ssrn.4316106}
}
@article{guesmi2019portfolio,
  title     = {Portfolio diversification with virtual currency: Evidence from bitcoin},
  author    = {Guesmi, Khaled and Saadi, Samir and Abid, Ilyes and Ftiti, Zied},
  year      = 2019,
  journal   = {International Review of Financial Analysis},
  publisher = {Elsevier},
  volume    = 63,
  pages     = {431--437}
}
@article{hafid2024,
  author = {Abdelatif Hafid and Mohamed Rahouti and Linglong Kong and Maad Ebrahim and M. A. Serhani},
  year   = 2024,
  title  = {Predicting Bitcoin Market Trends with Enhanced Technical Indicator Integration and Classification Models},
  url    = {https://doi.org/10.48550/arXiv.2410.06935}
}
@book{Handson,
  author    = {Aurelien Geron},
  title     = {Hands-On Machine Learning with Scikit-Learn, Keras, and TensorFlow: Concepts, Tools, and Techniques to Build Intelligent Systems},
  year      = { 2019},
  publisher = {O'Reilly Media, Inc.}
}
@article{hossain2021there,
  title   = {Is there any influence of other cryptocurrencies on bitcoin?},
  author  = {Hossain, Md Jamal and Ismail, Mohd Tahir},
  year    = 2021,
  journal = {Asian Academy of Management Journal of Accounting \& Finance},
  volume  = 17,
  number  = 1
}
@article{kurka2019cryptocurrencies,
  title     = {Do cryptocurrencies and traditional asset classes influence each other?},
  author    = {Kurka, Josef},
  year      = 2019,
  journal   = {Finance Research Letters},
  publisher = {Elsevier},
  volume    = 31,
  pages     = {38--46}
}
@article{lauraalessandretti2018anticipating,
  title  = {Anticipating cryptocurrency prices using machine learning},
  author = {Laura Alessandretti and Abeer ElBahrawy and Luca Maria Aiello and Andrea Baronchelli},
  year   = 2018,
  url    = {https://onlinelibrary.wiley.com/doi/10.1155/2018/8983590}
}

@article{mallqui2019predicting,
  author = {Dennys C. A. Mallqui and R. Fernandes},
  year   = 2019,
  title  = {Predicting the direction, maximum, minimum and closing prices of daily Bitcoin exchange rate using machine learning techniques},
  url    = {https://doi.org/10.1016/j.asoc.2018.11.038}
}

@article{mishal2022prediction,
  author = {Mehedi Hasan Mishal and Nura Jannat Rakhi and Fahmida Rashid and Kawsar Hamid and Md. Kishor Morol and Abdullah Al Jubair and Dipannyta Nandi},
  year   = 2022,
  title  = {Prediction of Cryptocurrency Price using Machine Learning Techniques and Public Sentiment Analysis},
  url    = {https://www.semanticscholar.org/paper/afa51c705306c6e291d90ef2ab08471841be00e6}
}

@article{poongodi2021global,
  title     = {Global cryptocurrency trend prediction using social media},
  author    = {Poongodi, Manoharan and Nguyen, Tu N and Hamdi, Mounir and Cengiz, Korhan},
  year      = 2021,
  journal   = {Information Processing \& Management},
  publisher = {Elsevier},
  volume    = 58,
  number    = 6,
  pages     = 102708
}
@article{tezos2014goodman,
  title  = {Tezos: A self-amending crypto-ledger},
  year   = 2014,
  author = {L.M. Goodman},
  url    = {https://tezos.com/whitepaper.pdf}
}
@comment{jabref-meta: databaseType:biblatex;}
@article{tyagi2025xgboost,
  author = {Aayush Tyagi},
  title = {What is XGBoost Algorithm?},
  year = {2025},
  url = {https://www.analyticsvidhya.com/blog/2018/09/an-end-to-end-guide-to-understand-the-math-behind-xgboost/},
}