% Encoding: UTF-8

@article{akyildirim2021prediction,
  title     = {Prediction of cryptocurrency returns using machine learning},
  author    = {Akyildirim, Erdinc and Goncu, Ahmet and Sensoy, Ahmet},
  journal   = {Annals of Operations Research},
  volume    = {297},
  pages     = {3--36},
  year      = {2021},
  publisher = {Springer}
}

@article{alessandretti2018anticipating,
  title     = {Anticipating cryptocurrency prices using machine learning},
  author    = {Alessandretti, Laura and ElBahrawy, Abeer and Aiello, Luca Maria and Baronchelli, Andrea},
  journal   = {Complexity},
  volume    = {2018},
  number    = {1},
  pages     = {8983590},
  year      = {2018},
  publisher = {Wiley Online Library}
}

@article{Binance©2024,
  author = {Binance©},
  title  = {Binance API},
  year   = {2024},
  url    = {https://www.binance.com/en/binance-api}
}

@article{guesmi2019portfolio,
  title     = {Portfolio diversification with virtual currency: Evidence from bitcoin},
  author    = {Guesmi, Khaled and Saadi, Samir and Abid, Ilyes and Ftiti, Zied},
  journal   = {International Review of Financial Analysis},
  volume    = {63},
  pages     = {431--437},
  year      = {2019},
  publisher = {Elsevier}
}

@article{hossain2021there,
  title   = {Is there any influence of other cryptocurrencies on bitcoin?},
  author  = {Hossain, Md Jamal and Ismail, Mohd Tahir},
  journal = {Asian Academy of Management Journal of Accounting \& Finance},
  volume  = {17},
  number  = {1},
  year    = {2021}
}

@article{kurka2019cryptocurrencies,
  title     = {Do cryptocurrencies and traditional asset classes influence each other?},
  author    = {Kurka, Josef},
  journal   = {Finance Research Letters},
  volume    = {31},
  pages     = {38--46},
  year      = {2019},
  publisher = {Elsevier}
}

@article{poongodi2021global,
  title     = {Global cryptocurrency trend prediction using social media},
  author    = {Poongodi, Manoharan and Nguyen, Tu N and Hamdi, Mounir and Cengiz, Korhan},
  journal   = {Information Processing \& Management},
  volume    = {58},
  number    = {6},
  pages     = {102708},
  year      = {2021},
  publisher = {Elsevier}
}

@Comment{jabref-meta: databaseType:biblatex;}